<collection xmlns="http://www.loc.gov/MARC21/slim"><record><leader>00911nam  2200253   450</leader><controlfield tag="001">665</controlfield><controlfield tag="003">http://montalegre.opacnet.com/OPAC/default.aspx?ContentAreaControl=ShowRegHoldings.ascx&amp;RegNo=16662</controlfield><controlfield tag="005">20</controlfield><datafield tag="010" ind1=" " ind2=" "><subfield code="a">972-43-0127-3</subfield></datafield><datafield tag="021" ind1=" " ind2=" "><subfield code="a">PT</subfield><subfield code="b">44321/91</subfield></datafield><datafield tag="100" ind1=" " ind2=" "><subfield code="a">20120813d1991    a  y0pory0103    ba</subfield></datafield><datafield tag="101" ind1="0" ind2=" "><subfield code="a">por</subfield></datafield><datafield tag="102" ind1=" " ind2=" "><subfield code="a">PT</subfield></datafield><datafield tag="200" ind1="1" ind2=" "><subfield code="a">&lt;A &gt;Família dos Paladinos</subfield><subfield code="f">Alberto Oliveira Ointo</subfield><subfield code="g">ilust.: Martinho Dias</subfield></datafield><datafield tag="210" ind1=" " ind2=" "><subfield code="a">Porto</subfield><subfield code="c">Edinter</subfield><subfield code="d">1991</subfield></datafield><datafield tag="215" ind1=" " ind2=" "><subfield code="a">96 p.</subfield><subfield code="c">il.</subfield><subfield code="d">22 cm</subfield></datafield><datafield tag="225" ind1="0" ind2=" "><subfield code="a">Contos da história</subfield><subfield code="v">4</subfield></datafield><datafield tag="608" ind1=" " ind2=" "><subfield code="a">Publicações para crianças e jovens</subfield><subfield code="2">Autoridade</subfield><subfield code="3">PT-----------2012021614460005594</subfield></datafield><datafield tag="608" ind1=" " ind2=" "><subfield code="a">Conto</subfield><subfield code="2">Autoridade</subfield><subfield code="3">PT9999-00-10-2009040123590005380</subfield></datafield><datafield tag="675" ind1=" " ind2=" "><subfield code="a">821.134.3-34</subfield></datafield><datafield tag="700" ind1=" " ind2="1"><subfield code="a">Pinto</subfield><subfield code="b">Alberto Oliveira</subfield><subfield code="f">1962-</subfield></datafield><datafield tag="702" ind1=" " ind2="1"><subfield code="a">Dias</subfield><subfield code="b">Martinho</subfield><subfield code="f">1968-</subfield><subfield code="4">440</subfield></datafield><datafield tag="801" ind1=" " ind2="0"><subfield code="a">PT</subfield><subfield code="b">Biblioteca Municipal de Montalegre</subfield><subfield code="g">RPC</subfield></datafield><datafield tag="856" ind1=" " ind2=" "><subfield code="u">locateMedia.aspx?cod=20120813154754&amp;ext=jpg</subfield><subfield code="z">CAPA</subfield></datafield><datafield tag="909" ind1="&#9;" ind2=" "><subfield code="a">1</subfield></datafield><datafield tag="966" ind1=" " ind2=" "><subfield code="a">0015148</subfield><subfield code="l">BMM</subfield><subfield code="s">SJ 821.134.3-34 PIN fam 4</subfield></datafield></record></collection>